@article{article01,
    author = {surname, familyname}, title = {title}, journal = {journal}, year = {year}, volume = {volume},
    number = {number}, pages = {pages}, month = {month}, note = {note}, key = {key},
}
@book{book01,
    author = {surname, familyname}, title = {title}, publisher = {publisher}, year = {year},
    volume = {volume}, series = {series}, address = {address}, edition = {edition}, month = {month}, note = {note}, key = {key}, url = {url},
}
@booklet{booklet01,
    title = {title},
    author = {surname, familyname}, howpublished = {howpublished}, address = {address}, month = {month}, year = {year}, note = {note}, key = {key},
}
@inbook{inbook01,
    author = {surname, familyname}, title = {title}, chapter = {chapter}, pages = {pages}, publisher = {publisher}, year = {year},
    volume = {volume}, series = {series}, type = {type}, address = {address}, edition = {edition}, month = {month}, note = {note}, key = {key},
}
@incollection{incollection01,
    author = {surname, familyname}, title = {title}, booktitle = {booktitle}, publisher = {publisher}, year = {year},
    editor = {surname, familyname}, volume = {volume}, series = {series}, type = {type}, chapter = {chapter}, pages = {pages}, address = {address}, edition = {edition}, month = {month}, note = {note}, key = {key},
}
@inproceedings{inproceedings01,
    author = {surname, familyname}, title = {title}, booktitle = {title}, year = {year},
    editor = {surname, familyname}, volume = {volume}, series = {series}, pages = {pages}, address = {address}, month = {month}, organization = {organization}, publisher = {publisher}, note = {note}, key = {key},
}
@manual{manual01,
    title = {title},
    author = {surname, familyname}, organization = {organization}, address = {address}, edition = {edition}, month = {month}, year = {year}, note = {note}, key = {key},
}
@mastersthesis{mastersthesis01,
    author = {surname, familyname}, title = {title}, school = {school}, year = {year},
    type = {type}, address = {address}, month = {month}, note = {note}, key = {key},
}
@misc{misc01,
    none = {none},
    author = {surname, familyname}, title = {title}, howpublished = {howpublished}, month = {month}, year = {year}, note = {note}, key = {key},
}
@phdthesis{phdthesis01,
    author = {surname, familyname}, title = {title}, school = {school}, year = {year},
    type = {type}, address = {address}, month = {month}, note = {note}, key = {key},
}
@proceedings{proceedings01,
    title = {title}, year = {year},
    editor = {surname, familyname}, volume = {volume}, series = {series}, address = {address}, month = {month}, publisher = {publisher}, organization = {organization}, note = {note}, key = {key},
}
@techreport{techreport01,
    author = {surname, familyname}, title = {title}, institution = {institution}, year = {year},
    type = {type}, number = {number}, address = {address}, month = {month}, note = {note}, key = {key},
}
@unpublished{unpublished01,
    author = {surname, familyname}, title = {title}, note = {note},
    month = {month}, year = {year}, key = {key},
}
