@misc{zhou2018_gnn_review,
    title={Graph Neural Networks: A Review of Methods and Applications},
    author={Jie Zhou and Ganqu Cui and Zhengyan Zhang and Cheng Yang and Zhiyuan Liu and Lifeng Wang and Changcheng Li and Maosong Sun},
    year={2018},
    eprint={1812.08434},
    archivePrefix={arXiv},
    primaryClass={cs.LG},
    url={https://arxiv.org/abs/1812.08434}
}
@article{shchur2018_pitfall_of_gnn,
  author    = {Oleksandr Shchur and
               Maximilian Mumme and
               Aleksandar Bojchevski and
               Stephan G{\"{u}}nnemann},
  title     = {Pitfalls of Graph Neural Network Evaluation},
  journal   = {CoRR},
  volume    = {abs/1811.05868},
  year      = {2018},
  url       = {http://arxiv.org/abs/1811.05868},
  archivePrefix = {arXiv},
  eprint    = {1811.05868},
  timestamp = {Sat, 24 Nov 2018 17:52:00 +0100},
  biburl    = {https://dblp.org/rec/journals/corr/abs-1811-05868.bib},
  bibsource = {dblp computer science bibliography, https://dblp.org}
}

@inproceedings{rmat-generator,
author = {Deepayan Chakrabarti and Yiping Zhan and Christos Faloutsos},
title = {R-MAT: A Recursive Model for Graph Mining},
booktitle = {Proceedings of the 2004 SIAM International Conference on Data Mining},
pages = {442-446},
doi = {10.1137/1.9781611972740.43},
}

@inproceedings{yang2016_revisiting_semisupervised,
  author    = {Zhilin Yang and
               William W. Cohen and
               Ruslan Salakhutdinov},
  editor    = {Maria{-}Florina Balcan and
               Kilian Q. Weinberger},
  title     = {Revisiting Semi-Supervised Learning with Graph Embeddings},
  booktitle = {Proceedings of the 33nd International Conference on Machine Learning,
               {ICML} 2016, New York City, NY, USA, June 19-24, 2016},
  series    = {{JMLR} Workshop and Conference Proceedings},
  volume    = {48},
  pages     = {40--48},
  publisher = {JMLR.org},
  year      = {2016},
  url       = {http://proceedings.mlr.press/v48/yanga16.html},
  timestamp = {Wed, 29 May 2019 08:41:46 +0200},
  biburl    = {https://dblp.org/rec/conf/icml/YangCS16.bib},
  bibsource = {dblp computer science bibliography, https://dblp.org}
}

@inproceedings{zeng2020_graphsaint,
  author    = {Hanqing Zeng and
               Hongkuan Zhou and
               Ajitesh Srivastava and
               Rajgopal Kannan and
               Viktor K. Prasanna},
  title     = {GraphSAINT: Graph Sampling Based Inductive Learning Method},
  booktitle = {8th International Conference on Learning Representations, {ICLR} 2020,
               Addis Ababa, Ethiopia, April 26-30, 2020},
  publisher = {OpenReview.net},
  year      = {2020},
  url       = {https://openreview.net/forum?id=BJe8pkHFwS},
  timestamp = {Thu, 07 May 2020 17:11:48 +0200},
  biburl    = {https://dblp.org/rec/conf/iclr/ZengZSKP20.bib},
  bibsource = {dblp computer science bibliography, https://dblp.org}
}

@inproceedings{yang2012_defining,
  author    = {Jaewon Yang and
               Jure Leskovec},
  editor    = {Mohammed Javeed Zaki and
               Arno Siebes and
               Jeffrey Xu Yu and
               Bart Goethals and
               Geoffrey I. Webb and
               Xindong Wu},
  title     = {Defining and Evaluating Network Communities Based on Ground-Truth},
  booktitle = {12th {IEEE} International Conference on Data Mining, {ICDM} 2012,
               Brussels, Belgium, December 10-13, 2012},
  pages     = {745--754},
  publisher = {{IEEE} Computer Society},
  year      = {2012},
  url       = {https://doi.org/10.1109/ICDM.2012.138},
  doi       = {10.1109/ICDM.2012.138},
  timestamp = {Wed, 16 Oct 2019 14:14:51 +0200},
  biburl    = {https://dblp.org/rec/conf/icdm/YangL12.bib},
  bibsource = {dblp computer science bibliography, https://dblp.org}
}
